% This file was created with JabRef 2.10.
% Encoding: ASCII


@Book{agresti:2002,
  Title                    = {{C}ategorical {D}ata {A}nalysis},
  Author                   = {Alan Agresti},
  Publisher                = {Wiley},
  Year                     = {2002},
  Edition                  = {second}
}

